<record><leader>00000cas a2200000 a 4500</leader><controlfield tag="001">795868609</controlfield><controlfield tag="007">hd afb---baca</controlfield><controlfield tag="007">hd afb---baaa</controlfield><controlfield tag="007">hd afb---baba</controlfield><controlfield tag="008">120619c19959999nyuwn nea     |    0bul  </controlfield><datafield ind1=" " ind2=" " tag="010"><subfield code="a">  2012215389</subfield></datafield><datafield ind1=" " ind2=" " tag="040"><subfield code="a">DLC</subfield><subfield code="b">eng</subfield><subfield code="c">DLC</subfield><subfield code="d">DLC</subfield><subfield code="d">OCLCQ</subfield></datafield><datafield ind1=" " ind2=" " tag="042"><subfield code="a">pcc</subfield></datafield><datafield ind1=" " ind2=" " tag="043"><subfield code="a">n-us-ny</subfield></datafield><datafield ind1="0" ind2="0" tag="050"><subfield code="a">Newspaper</subfield></datafield><datafield ind1="0" ind2="0" tag="245"><subfield code="a">Nedelnik</subfield><subfield code="h">[microform].</subfield></datafield><datafield ind1="1" ind2="3" tag="246"><subfield code="a">Nedelnik bulgarian newspaper</subfield></datafield><datafield ind1=" " ind2=" " tag="260"><subfield code="a">New York, N.Y. :</subfield><subfield code="b">Nedelnik Press</subfield></datafield><datafield ind1=" " ind2=" " tag="300"><subfield code="a">v.</subfield></datafield><datafield ind1=" " ind2=" " tag="310"><subfield code="a">Weekly (except four weeks in Aug.)</subfield></datafield><datafield ind1="1" ind2=" " tag="362"><subfield code="a">Began in 1995.</subfield></datafield><datafield ind1=" " ind2=" " tag="500"><subfield code="a">"Bulgarian weekly newspaper."</subfield></datafield><datafield ind1=" " ind2=" " tag="546"><subfield code="a">In Bulgarian with some text in English.</subfield></datafield><datafield ind1=" " ind2=" " tag="588"><subfield code="a">Description based on: Vol. 2, no. 15 (Oct. 13/26, 1996).</subfield></datafield><datafield ind1=" " ind2=" " tag="588"><subfield code="a">Latest issue consulted: Vol. 14, no 1 (Jan. 1/12, 2008).</subfield></datafield><datafield ind1=" " ind2=" " tag="533"><subfield code="a">Microfilm.</subfield><subfield code="b">Washington, D.C. :</subfield><subfield code="c">Filmed by Backstage Library Works, Bethlehem, PA. for the Library of Congress Preservation Microfilming Program :</subfield><subfield code="c">Available from Library of Congress Photoduplication Service.</subfield><subfield code="e">microfilm reels ; 35 mm.</subfield></datafield><datafield ind1=" " ind2="0" tag="650"><subfield code="a">Bulgarians</subfield><subfield code="z">United States</subfield><subfield code="v">Newspapers.</subfield></datafield><datafield ind1=" " ind2=" " tag="752"><subfield code="a">United States</subfield><subfield code="b">New York</subfield><subfield code="d">New York.</subfield></datafield><datafield ind1="0" ind2="8" tag="776"><subfield code="i">Print version:</subfield><subfield code="t">Nedelnik</subfield><subfield code="x">1091-6814</subfield><subfield code="w">(DLC)sn 96000945</subfield><subfield code="w">(OCoLC)35960704</subfield></datafield><datafield ind1=" " ind2=" " tag="850"><subfield code="a">DLC</subfield><subfield code="a">DLC (master)</subfield></datafield></record>